@misc{kingma2013autoencoding,
      title={Auto-Encoding Variational Bayes}, 
      author={Diederik P Kingma and Max Welling},
      year={2013},
      eprint={1312.6114},
      archivePrefix={arXiv},
      primaryClass={stat.ML}
}

@article{Kingma_2019,
   title={An Introduction to Variational Autoencoders},
   volume={12},
   ISSN={1935-8245},
   url={http://dx.doi.org/10.1561/2200000056},
   DOI={10.1561/2200000056},
   number={4},
   journal={Foundations and Trends® in Machine Learning},
   publisher={Now Publishers},
   author={Kingma, Diederik P. and Welling, Max},
   year={2019},
   pages={307–392} }


@article{vqvae,
  author       = {A{\"{a}}ron van den Oord and
                  Oriol Vinyals and
                  Koray Kavukcuoglu},
  title        = {Neural Discrete Representation Learning},
  journal      = {CoRR},
  volume       = {abs/1711.00937},
  year         = {2017},
  url          = {http://arxiv.org/abs/1711.00937},
  eprinttype    = {arXiv},
  eprint       = {1711.00937},
  timestamp    = {Mon, 13 Aug 2018 16:48:11 +0200},
  biburl       = {https://dblp.org/rec/journals/corr/abs-1711-00937.bib},
  bibsource    = {dblp computer science bibliography, https://dblp.org}
}

@article{dalle,
  author       = {A{\"{a}}ron van den Oord and
                  Oriol Vinyals and
                  Koray Kavukcuoglu},
  title        = {Neural Discrete Representation Learning},
  journal      = {CoRR},
  volume       = {abs/1711.00937},
  year         = {2017},
  url          = {http://arxiv.org/abs/1711.00937},
  eprinttype    = {arXiv},
  eprint       = {1711.00937},
  timestamp    = {Mon, 13 Aug 2018 16:48:11 +0200},
  biburl       = {https://dblp.org/rec/journals/corr/abs-1711-00937.bib},
  bibsource    = {dblp computer science bibliography, https://dblp.org}
}